@article{okasaki_1999,
  title     = {Red-black trees in a functional setting},
  volume    = {9},
  doi       = {10.1017/S0956796899003494},
  number    = {4},
  journal   = {Journal of Functional Programming},
  publisher = {Cambridge University Press},
  author    = {OKASAKI, CHRIS},
  year      = {1999},
  pages     = {471–477}
}
@article{germane_might_2014,
  title     = {Deletion: The curse of the red-black tree},
  volume    = {24},
  doi       = {10.1017/S0956796814000227},
  number    = {4},
  journal   = {Journal of Functional Programming},
  publisher = {Cambridge University Press},
  author    = {GERMANE, KIMBALL and MIGHT, MATTHEW},
  year      = {2014},
  pages     = {423–433}
}
@article{kahrs_2001,
  title     = {Red-black trees with types},
  volume    = {11},
  doi       = {10.1017/S0956796801004026},
  number    = {4},
  journal   = {Journal of Functional Programming},
  publisher = {Cambridge University Press},
  author    = {KAHRS, STEFAN},
  year      = {2001},
  pages     = {425–432}
}
@book{tarjan1985efficient,
  title     = {Efficient top-down updating of red-black trees},
  author    = {Tarjan, Robert Endre},
  year      = {1985},
  publisher = {Princeton University, Department of Computer Science}
}
@inproceedings{guibas_1978,
  author    = {Guibas, Leo J. and Sedgewick, Robert},
  booktitle = {19th Annual Symposium on Foundations of Computer Science (sfcs 1978)},
  title     = {A dichromatic framework for balanced trees},
  year      = {1978},
  volume    = {},
  number    = {},
  pages     = {8-21},
  doi       = {10.1109/SFCS.1978.3}
}

